@TechReport{sap:hana:performance_guide,
	publisher = {SAP SE},
	title = {SAP HANA Troubleshooting and Performance Analysis Guide},
	year = {2016},
	month = {11},
	day = {30},
	version = {1.0},
	url = {https://help.sap.com/viewer/bed8c14f9f024763b0777aa72b5436f6/2.0.00/en-US}
}
@online{bash,
	url = {https://www.gnu.org/software/bash/},
	title = {GNU Bash},
	year = {2017}
}
@techreport{sql,
	type = {Standard},
	key = {ISO 9075:2011},
	year = {2011},
	title = {SQL:2011},
	address = {Geneva, CH},
	institution = {International Organization for Standardization}
}
@techreport{json,
	type={Standard},
	key={RFC7159},
	year={2014},
	title={The JavaScript Object Notation (JSON) Data Interchange Format},
	institution={Internet Engineering Task Force}
}
